%%%%%%% Non-BibSonomy Entries %%%%%%%%%

@electronic{YouTubeChanging,
    title = "{YouTube video-sharing site is changing popular culture}",
    url = "http://www.kcrw.com/news/programs/ww/ww061122youtube_video-sharin",
    keywords = "imported-10-07-2007 youtube"
}

@electronic{YouTubeSurvey,
    title = "{YouTube serves up 100 million videos a day online}",
    url = "http://www.usatoday.com/tech/news/2006-07-16-youtube-views_x.htm",
    keywords = "imported-10-07-2007 youtube"
}

@electronic{VideoNumber,
    title = "{Google frames a video search engine}",
    url = "http://googlesystem.blogspot.com/2007/06/google-videos-new-frame.html",
    keywords = "imported-10-07-2007 youtube"
}

@electronic{GoogleBuy,
    title = "{Google to buy YouTube for \$1.65 billion}",
    url = "http://money.cnn.com/2006/10/09/technology/googleyoutube_deal/index.htm",
    keywords = "imported-10-07-2007 youtube"
}

@electronic{YouTubeBlog,
    title = "{YouTube Blog}",
    url = "http://youtube.com/blog",
    keywords = "imported-10-07-2007 youtube"
}

@electronic{YouTubeVideo,
    title = "{YouTube: Video Format (from Wikipedia)}",
    url = "http://en.wikipedia.org/wiki/Youtube#Video_format",
    keywords = "imported-10-07-2007 youtube"
}

@electronic{YouTubeBandwidth,
    title = "{Ellacoya data shows web traffic overtakes Peer-to-Peer (P2P) as largest percentage of bandwidth on the network}",
    url = "http://www.ellacoya.com/news/pdf/2007/NXTcommEllacoyaMediaAlert.pdf",
    keywords = "imported-10-07-2007 youtube"
}

@misc{Norton_Video,
    author = "William B.~Norton",
    title = "{Video Internet: the next wave of massive disruption to the U.S. peering ecosystem}",
    keywords = "imported-10-07-2007 youtube"
}

@electronic{PPLive,
    title = "{PPLive}",
    url = "http://www.pplive.com",
    keywords = "imported-10-07-2007 youtube P2P"
}

@electronic{Coolstreaming,
    title = "{Coolstreaming}",
    url = "http://www.coolstreaming.us",
    keywords = "imported-10-07-2007 youtube P2P"
}

@electronic{Gridmedia,
    title = "{Gridmedia}",
    url = "http://www.gridmedia.com",
    keywords = "imported-10-07-2007 youtube"
}

@electronic{ALEXA,
    title = "{Alexa}",
    url = "http://www.alexa.com",
    keywords = "imported-10-07-2007 youtube"
}

@Electronic{ azureusrecommends,
    title = "Good Settings for BitTorrent from the Azureus Wiki",
    url = "http://www.azureuswiki.com/index.php/Good_settings",
    year = "2007",
    key = "azureusrecommends",
    month = apr,
    keywords = "imported-10-07-2007 bittorrent"
}

@electronic{ openchord,
    title = "The {OpenChord} Website",
    url = "https://www.lspi.wiai.uni-bamberg.de/dmsg/software/open_chord/index.php",
    year = "2007",
    key = "openchord",
    keywords = "imported-10-07-2007 DHT"
}

@electronic{ bittornado,
    title = "The {BitTornado} Website",
    url = "http://www.bittornado.com/",
    year = "2007",
    key = "bittornado",
    keywords = "imported-10-07-2007 bittorrent"
}

@electronic{ planetlab,
    title = "The {PlanetLab} Website",
    url = "http://www.planet-lab.org/",
    year = "2007",
    key = "planetlab",
    keywords = "imported-10-07-2007 planetlab"
}

@electronic{ CACHE,
    title = "{CacheLogic}",
    url = "http://www.cachelogic.com",
    year = "2004",
    keywords = "imported-10-07-2007 bittorrent"
}

@Misc{ SKYPE,
    title = "Skype explained",
    howpublished = "\url{http://www.skype.com/products/explained.html}",
    keywords = "imported-10-07-2007 skype"
}

@Misc{ ISAC,
    title = "{Global IP Sound} {iSAC}",
    howpublished = "\url{http://www.globalipsound.com/datasheets/iSAC.pdf}",
    year = "2005",
    keywords = "imported-10-07-2007 skype"
}

@electronic{ kenosis,
    title = "The {Kenosis} Website",
    url = "http://kenosis.sourceforge.net/",
    year = "2008",
    key = "kenosis",
}

@electronic{ debtorrent,
    title = "The {DebTorrent} Website",
    url = "http://debtorrent.alioth.debian.org/",
    year = "2008",
    key = "debtorrent",
}

@electronic{ apttorrent,
    title = "The {Apt-Torrent} Website",
    url = "http://sianka.free.fr/",
    year = "2008",
    key = "apttorrent",
}

@electronic{ azureus-dht,
    title = "The {Azureus DHT} refernce",
    url = "http://www.azureuswiki.com/index.php/DHT",
    year = "2008",
    key = "azureus-dht",
}

@electronic{ bittorrent-dht,
    title = "The {BitTorrent DHT} Draft Specification",
    url = "http://wiki.theory.org/BitTorrentDraftDHTProtocol",
    year = "2008",
    key = "bittorrent-dht",
}

@electronic{ debian,
    title = "The {Debian} Project Website",
    url = "http://www.debian.org/",
    year = "2008",
    key = "debian",
}

@electronic{ fedora,
    title = "The {Fedora} Website",
    url = "http://fedoraproject.org/",
    year = "2008",
    key = "fedora",
}

@electronic{ cpan,
    title = "The {CPAN} Website",
    url = "http://www.cpan.org/",
    year = "2008",
    key = "cpan",
}

@electronic{ cygwin,
    title = "The {Cygwin} Website",
    url = "http://cygwin.com/",
    year = "2008",
    key = "cygwin",
}

@electronic{ gentoo,
    title = "The {Gentoo} Website",
    url = "http://www.gentoo.org/",
    year = "2008",
    key = "gentoo",
}

@electronic{ popcon,
    title = "The {Debian Popularity Contest} Website",
    url = "http://popcon.debian.org/",
    year = "2008",
    key = "popcon",
}

@electronic{ twisted,
    title = "The {Twisted} Networking Engine",
    url = "http://twistedmatrix.com/",
    year = "2008",
    key = "twisted",
}

@electronic{ khashmir,
    title = "The {Khashmir} Website",
    url = "http://khashmir.sourceforge.net/",
    year = "2008",
    key = "khashmir",
}

@electronic{ apt-p2p-debian,
    title = "An Overview of the {apt-p2p} Source Package in {Debian}",
    url = "http://packages.qa.debian.org/a/apt-p2p.html",
    year = "2008",
    key = "apt-p2p-debian",
}

@electronic{ apt-p2p-ubuntu,
    title = "An Overview of the {apt-p2p} Source Package in {Ubuntu}",
    url = "https://launchpad.net/ubuntu/+source/apt-p2p/",
    year = "2008",
    key = "apt-p2p-ubuntu",
}

@electronic{ apt-p2p,
    title = "The apt-p2p Website",
    url = "http://www.camrdale.org/apt-p2p/",
    year = "2008",
    key = "apt-p2p",
}

@electronic{apt,
    title = "{The Advanced packaging tool, or APT (from Wikipedia)}",
    url = "http://en.wikipedia.org/wiki/Advanced_Packaging_Tool",
}

@electronic{ubuntu-blueprint,
    title = "Ubuntu blueprint for using torrent's to download packages",
    url = "https://blueprints.launchpad.net/ubuntu/+spec/apt-torrent",
    year = "2008",
}

%%%%%%% BibSonomy References %%%%%%%%%

@article{microsoft-update,
 author = {Christos Gkantsidis and Thomas Karagiannis and Milan VojnoviC},
 title = {Planet scale software updates},
 journal = {SIGCOMM Comput. Commun. Rev.},
 volume = {36},
 number = {4},
 year = {2006},
 issn = {0146-4833},
 pages = {423--434},
 publisher = {ACM},
 address = {New York, NY, USA},
 }

@article{feller2000fao,
  title={{A framework analysis of the open source software development paradigm}},
  author={Feller, J. and Fitzgerald, B.},
  journal={Proceedings of the twenty first international conference on Information systems},
  pages={58--69},
  year={2000},
  publisher={Association for Information Systems Atlanta, GA, USA}
}

@article{globule,
  title={{Globule: a collaborative content delivery network}},
  author={Pierre, G. and van Steen, M.},
  journal={IEEE Communications Magazine},
  volume={44},
  number={8},
  pages={127--133},
  year={2006}
}

@inproceedings{shah08,
	title = {A {P2P} Based Architecture for Secure Software Delivery Using Volunteer Assistance},
	author = {P. Shah and J.-F. Pâris and J. Morgan and J. Schettino and C. Venkatraman},
	booktitle = {8th International Conference on Peer-to-Peer Computing 2008 (P2P'08)},
	keywords = {apt-p2p }
}

% P. Shah, J.-F. Pâris, J. Morgan, J. Schettino and C. Venkatraman,
% A P2P Based Architecture for Secure Software Delivery Using Volunteer Assistance,
% Proceedings of the 8th International Conference on Peer-to-Peer Computing 2008 (P2P'08),
% Aachen, Germany, Sept. 2008

@inproceedings{coral,
	title = {Democratizing Content Publication with {Coral}},
	author = {Michael J. Freedman and Eric Freudenthal and David Mazières},
	booktitle = {NSDI},
	pages = {239-252},
	publisher = {USENIX},
	year = {2004},
	keywords = {apt-p2p }
}

@inproceedings{shark,
	title = {Shark: Scaling File Servers via Cooperative Caching},
	author = {Siddhartha Annapureddy and Michael J. Freedman and David Mazières},
	booktitle = {NSDI},
	publisher = {USENIX},
	year = {2005},
	keywords = {apt-p2p }
}

@inproceedings{deltacast,
	title = {{DeltaCast}: efficient file reconciliation in wireless broadcast systems},
	author = {Julian Chesterfield and Pablo Rodriguez},
	booktitle = {MobiSys},
	pages = {93-106},
	publisher = {ACM},
	year = {2005},
	keywords = {apt-p2p }
}

@techreport{saroiu2001,
	title={{A measurement study of peer-to-peer file sharing systems}},
	author={Saroiu, S. and Gummadi, P.K. and Gribble, S.D. and others},
	booktitle = {Technical Report UW-CSE-01-06-02},
	institution = {University of Washington},
	publisher = {University of Washington},
	year = {2001},
}

@article{kademlia,
	title = {{Kademlia: A Peer-to-Peer Information System Based on the XOR Metric}},
	author = {P. Maymounkov and D. Mazieres},
	journal = {Peer-To-Peer Systems: First International Workshop, IPTPS 2002, Cambridge, MA, USA, March 7-8},
	publisher = {Springer},
	year = 2002,
	entrytype = {article},
	biburl = {http://www.bibsonomy.org/bibtex/2176973f3aadadf44f498f64e9940222a/camrdale}
}

@book{bollobas01,
	title = {Random Graphs},
	author = {B. Bollob{\'a}s},
	edition = {2nd},
	publisher = {Cambridge University Press},
	year = {2001},
	biburl = {http://www.bibsonomy.org/bibtex/2a08b7937f79ce0cf9854806274e42ee1/camrdale},
	keywords = {random }
}

@article{erdos1959,
	title = {On Random Graphs},
	author = {Pal Erd{\"o}s and Alfr{\'e}d R{\'e}nyi},
	journal = {Publications Mathematicae},
	pages = {290},
	volume = {6},
	year = {1959},
	biburl = {http://www.bibsonomy.org/bibtex/2ff269f45bf5011aa06d7f98576455440/camrdale},
	keywords = {random }
}

@inproceedings{dale2007globecom,
	title = {A Measurement Study of Piece Population in {BitTorrent}},
	address = {Washington, DC},
	author = {Cameron Dale and Jiangchuan Liu},
	booktitle = {GlobeCom},
	month = {November 26--30},
	year = {2007},
	biburl = {http://www.bibsonomy.org/bibtex/2d90a42f8a94ec036736cf4901c258b26/camrdale},
	keywords = {bittorrent imported-10-07-2007 }
}

@inproceedings{Urvoy-KellerM06,
	title = {Impact of Inner Parameters and Overlay Structure on the Performance of BitTorrent.},
	author = {Guillaume Urvoy-Keller and Pietro Michiardi},
	booktitle = {INFOCOM},
	year = {2006},
	biburl = {http://www.bibsonomy.org/bibtex/257020577bd345f884b76c7cba3fb136e/camrdale},
	description = {dblp},
	keywords = {bittorrent }
}

@inproceedings{LegoutLKZ07,
	title = {Clustering and sharing incentives in BitTorrent systems.},
	author = {Arnaud Legout and Nikitas Liogkas and Eddie Kohler and Lixia Zhang},
	booktitle = {SIGMETRICS},
	pages = {301-312},
	year = {2007},
	biburl = {http://www.bibsonomy.org/bibtex/26a0e583893d2f18fd625fe5c1d86c76d/camrdale},
	description = {dblp},
	keywords = {bittorrent }
}

@techreport{hamra-2007,
	title = {Understanding the Properties of the BitTorrent Overlay},
	author = {Anwar Al-Hamra and Arnaud Legout and Chadi Barakat},
	url = {http://arxiv.org/pdf/0707.1820},
	year = {2007},
	biburl = {http://www.bibsonomy.org/bibtex/279b7408f1d22816ac4562f7871e616a2/camrdale},
	description = {[0707.1820] Understanding the Properties of the BitTorrent Overlay},
	keywords = {bittorrent }
}

@techreport{MKL+02,
	title = {Peer-to-Peer Computing},
	author = {D. Milojicic and V. Kalogeraki and R. Lukose and K. Nagaraja and J. Pruyne and B. Richard},
	institution = {HP Laboratories},
	month = {March},
	number = {HPL-2002-57},
	year = {2002},
	biburl = {http://www.bibsonomy.org/bibtex/28c9932cc6f17f157c71ae71332655525/camrdale},
	keywords = {P2P imported-10-07-2007 }
}

@book{comerV1,
	title = {Internetworking with {TCP/IP}: {Principles}, protocols, and architectures},
	author = {Douglas E. Comer},
	edition = {4th},
	publisher = {Prentice Hall},
	year = {2000},
	biburl = {http://www.bibsonomy.org/bibtex/26742781fb9f45c04d8fd87b1aa864559/camrdale},
	alteditor = {},
	keywords = {imported-10-07-2007 }
}

@inproceedings{SGD+02,
	title = {An analysis of {Internet} content delivery systems},
	address = {Boston, MA},
	author = {S. Saroiu and K. Gummadi and R. Dunn and S. Gribble and H. Levy},
	booktitle = {Proc. of 5th Symposium on Operating Systems Design and Implementation (OSDI'02)},
	month = {December},
	year = {2002},
	biburl = {http://www.bibsonomy.org/bibtex/2db36f3571c141afc8f58340eb4a5500f/camrdale},
	keywords = {imported-10-07-2007 }
}

@article{MEVS03,
	title = {Scalable On-demand media streaming with packet loss recovery},
	author = {A. Mahanti and D. Eager and M. Vernon and D. Sundaram-Stukel},
	journal = {IEEE/ACM Transactions on Networking},
	month = {April},
	number = {2},
	pages = {195-209},
	volume = {11},
	year = {2003},
	biburl = {http://www.bibsonomy.org/bibtex/2e4f68f677c7615b0a2c86cd740009dc6/camrdale},
	keywords = {imported-10-07-2007 skype }
}

@misc{TURN,
	title = {Traversal Using Relay {NAT} ({TURN})},
	author = {J. Rosenberg and R. Mahy and C. Huitema},
	howpublished = {Internet-Draft \url{http://www.jdrosen.net/midcom_turn.html}},
	key = {turn},
	month = {September},
	year = {2005},
	biburl = {http://www.bibsonomy.org/bibtex/2c8466bcb904b63fd978721cc109ddb8f/camrdale},
	keywords = {imported-10-07-2007 skype }
}

@misc{ILBC,
	title = {Internet Low Bit Rate Codec ({iLBC})},
	author = {S. Andersen and A. Duric and H. Astrom and R. Hagen and W. Kleijn and J. Linden},
	howpublished = {RFC 3951},
	key = {ilbc},
	month = {December},
	year = {2004},
	biburl = {http://www.bibsonomy.org/bibtex/2ca48357216ba390affa5001cec868724/camrdale},
	keywords = {imported-10-07-2007 skype }
}

@misc{STUN,
	title = {{STUN} - Simple Traversal of User Datagram Protocol ({UDP}) Through Network Address Translators ({NATs})},
	author = {J. Rosenberg and J. Weinberger and C. Huitema and R. Mahy},
	howpublished = {RFC 3489},
	key = {stun},
	month = {March},
	year = {2003},
	biburl = {http://www.bibsonomy.org/bibtex/2d3e2f1cbab6d8f9b24cdcec9b4a5ea78/camrdale},
	keywords = {imported-10-07-2007 skype }
}

@misc{TAPIO05,
	title = {Future of telecommunication {-} {Internet} telephony operator {Skype}},
	author = {A. Tapio},
	howpublished = {\url{http://www.tml.tkk.fi/Publications/C/18/tapio.pdf}},
	month = {April},
	year = {2005},
	biburl = {http://www.bibsonomy.org/bibtex/21b13d16adcb0b00d15f8e06c1d1876cf/camrdale},
	keywords = {imported-10-07-2007 skype }
}

@misc{GARF05,
	title = {{VoIP} and {Skype} security},
	author = {S. L. Garfinkel},
	howpublished = {\url{http://www.simson.net/ref/2005/OSI_Skype6.pdf}},
	month = {January},
	year = {2005},
	biburl = {http://www.bibsonomy.org/bibtex/2fa3ca1459d04d5f4b6ca25b6646863d4/camrdale},
	keywords = {imported-10-07-2007 }
}

@misc{BERSON05,
	title = {Skype security evaluation},
	author = {T. Berson},
	howpublished = {\url{http://skype.com/security/files/2005-031%20security%20evaluation.pdf}},
	month = {October},
	year = {2005},
	biburl = {http://www.bibsonomy.org/bibtex/2365a3e206bc0bcf075cfbf1ea14e1329/camrdale},
	keywords = {imported-10-07-2007 skype }
}

@inproceedings{BASET06,
	title = {An analysis of the {Skype} peer-to-peer {Internet} telephony protocol},
	address = {Barcelona, Spain},
	author = {S. A. Baset and H. Schulzrinne},
	booktitle = {Proc. of the INFOCOM '06},
	month = {April},
	year = {2006},
	biburl = {http://www.bibsonomy.org/bibtex/2b5848beb4928e2325d50d5860a77fd0a/camrdale},
	keywords = {imported-10-07-2007 skype }
}

@inproceedings{GUHA06,
	title = {An experimental study of the {Skype} peer-to-peer {VoIP} system},
	address = {Santa Barbara, CA},
	author = {S. Guha and N. Daswani and R. Jain},
	booktitle = {Proc. of the IPTPS '06},
	month = {February},
	year = {2006},
	biburl = {http://www.bibsonomy.org/bibtex/2e3205aaf23e0d1d7d6b0dabaff42cfe3/camrdale},
	keywords = {imported-10-07-2007 skype }
}

@electronic{COHEN03,
	title = {Incentives Build Robustness in {BitTorrent}},
	author = {Bram Cohen},
	month = {May},
	url = {http://bitconjurer.org/BitTorrent/bittorrentecon.pdf},
	year = {2003},
	biburl = {http://www.bibsonomy.org/bibtex/2299d8ad24b1349ecc007235542dd5463/camrdale},
	keywords = {bittorrent imported-10-07-2007 }
}

@book{TRIV06,
	title = {Queueing Networks and Markov Chains},
	address = {Hoboken, New Jersey},
	author = {Gunter Bolch and Stefan Greiner and Hermann de Meer and Kishor S. Trivedi},
	edition = {Second},
	publisher = {John Wiley \& Sons, Inc.},
	year = {2006},
	biburl = {http://www.bibsonomy.org/bibtex/2ab05a62a075b116f8cda009056d74d3d/camrdale},
	keywords = {imported-10-07-2007 }
}

@inproceedings{LIU05,
	title = {{CoolStreaming}/{DONet}: A Data-driven Overlay Network for Peer-to-Peer Live Media Streaming},
	address = {Miami, FL, USA},
	author = {Xinyan Zhang and Jiangchuan Liu and Bo Li and Tak-Shing Peter Yum},
	booktitle = {Proc. IEEE INFOCOM},
	month = {March},
	year = {2005},
	biburl = {http://www.bibsonomy.org/bibtex/2977698ef5c35e5f444a4e00647017d14/camrdale},
	keywords = {P2P imported-10-07-2007 }
}

@inproceedings{GUO05,
	title = {Measurements, Analysis, and Modeling of {BitTorrent}-like Systems},
	address = {Berkeley, CA, USA},
	author = {Lei Guo and Songqing Chen and Zhen Xiao and Enhua Tan and Xiaoning Ding and Xiaodong Zhang},
	booktitle = {Proc. Internet Measurement Conference},
	month = {October},
	year = {2005},
	biburl = {http://www.bibsonomy.org/bibtex/2836853ae91b04fbf42c5cd05effa86b5/camrdale},
	keywords = {bittorrent imported-10-07-2007 }
}

@inproceedings{POUW05,
	title = {The {BitTorrent} {P2P} file-sharing system: Measurements and analysis},
	address = {Ithaca, NY, USA},
	author = {J. A. Pouwelse and P. Garbacki and D. H. J. Epema and H. J. Sips},
	booktitle = {Proc. 4th International Workshop on Peer-to-Peer Systems},
	month = {February},
	year = {2005},
	biburl = {http://www.bibsonomy.org/bibtex/28c1ac16256d4821f83c3e53c2159a343/camrdale},
	keywords = {bittorrent imported-10-07-2007 }
}

@inproceedings{IZAL04,
	title = {Dissecting {BitTorrent}: Five months in a torrent’s lifetime},
	address = {Antibes Juan-les-Pins, France},
	author = {M. Izal and G. Urvoy-Keller and E. Biersack and P. Felber and A. Al Hamra and L. Garces-Erice},
	booktitle = {Passive and Active Measurements},
	month = {April},
	year = {2004},
	biburl = {http://www.bibsonomy.org/bibtex/2d60eec6bc0aff7dae54a2563175b6b32/camrdale},
	keywords = {bittorrent imported-10-07-2007 }
}

@inproceedings{VECI03,
	title = {Fairness, incentives and performance in peer-to-peer networks},
	address = {Monticello, Illinois, USA},
	author = {Gustavo de Veciana and Xiangying Yang},
	booktitle = {Proc. Forty-first Annual Allerton Conference on Communication, Control and Computing},
	month = {October},
	year = {2003},
	biburl = {http://www.bibsonomy.org/bibtex/2b36332af9a63ff8ef1872eeb8e5cb3c6/camrdale},
	keywords = {bittorrent imported-10-07-2007 }
}

@inproceedings{QIU04,
	title = {Modeling and Performance Analysis of {BitTorrent}-Like Peer-to-Peer Networks},
	address = {Portland, Oregon, USA},
	author = {Dongyu Qiu and R. Srikant},
	booktitle = {Proc. {SIGCOMM} '04},
	month = {August 30--September 3,},
	year = {2004},
	biburl = {http://www.bibsonomy.org/bibtex/2cd1757da2622b920f61cc1058be366ce/camrdale},
	keywords = {bittorrent imported-10-07-2007 }
}

@inproceedings{kwon2006dda,
	title = {{DANS: decentralized, autonomous, and networkwide service delivery and multimedia workflow processing}},
	author = {G. Kwon and K.S. Candan},
	booktitle = {Proceedings of the 14th annual ACM international conference on Multimedia},
	pages = {549--558},
	publisher = {ACM Press New York, NY, USA},
	year = {2006},
	biburl = {http://www.bibsonomy.org/bibtex/27a6df9b3f9c4535235d84858fa9fe875/camrdale},
	keywords = {imported-10-07-2007 }
}

@inproceedings{chun2006cas,
	title = {{ChunkCast: An Anycast Service for Large Content Distribution}},
	author = {B.G. Chun and P. Wu and H. Weatherspoon and J. Kubiatowicz},
	booktitle = {Proceedings of the 5th International Workshop on Peer-to-Peer Systems},
	year = {2006},
	biburl = {http://www.bibsonomy.org/bibtex/2698ef0ecfa3351c555a78846c38f790e/camrdale},
	keywords = {P2P imported-10-07-2007 }
}

@inproceedings{legout2006rfa,
	title = {{Rarest first and choke algorithms are enough}},
	address = {Rio de Janeiro, Brazil},
	author = {A. Legout and G. Urvoy-Keller and P. Michiardi},
	booktitle = {Proc. IMC'06},
	month = {October},
	year = {2006},
	biburl = {http://www.bibsonomy.org/bibtex/2ab1433ae77d0e9e2387215b0a31ad77b/camrdale},
	keywords = {bittorrent imported-10-07-2007 }
}

@inproceedings{gkantsidis2006cvl,
	title = {{Comprehensive view of a live network coding P2P system}},
	author = {C. Gkantsidis and J. Miller and P. Rodriguez},
	booktitle = {Proceedings of the 6th ACM SIGCOMM on Internet measurement},
	pages = {177--188},
	publisher = {ACM Press New York, NY, USA},
	year = {2006},
	biburl = {http://www.bibsonomy.org/bibtex/29f2eba6b3efa5293af5c761f25cc28ce/camrdale},
	keywords = {P2P imported-10-07-2007 }
}

@inproceedings{magharei-prime,
	title = {{PRIME: Peer-to-Peer Receiver-drIven MEsh-based Streaming}},
	author = {Nazanin Magharei and Reza Rejaie},
	booktitle = {Proceedings of IEEE Infocom},
	year = {2007},
	biburl = {http://www.bibsonomy.org/bibtex/2c809f71d5a0095e26572405ab90f6b9d/camrdale},
	keywords = {P2P imported-10-07-2007 }
}

@inproceedings{magharei-treemesh,
	title = {{Mesh or Multiple-Tree: A Comparative Study of P2P Live streaming}},
	author = {Nazanin Magharei and Reza Rejaie and Yang Guo},
	booktitle = {Proceedings of IEEE Infocom},
	year = {2007},
	biburl = {http://www.bibsonomy.org/bibtex/297c314e73a0d0e4c4cdfed38892c966e/camrdale},
	keywords = {P2P imported-10-07-2007 }
}

@inproceedings{kumar:sft,
	title = {{Stochastic Fluid Theory for P2P Streaming Systems}},
	author = {R. Kumar and Y. Liu and K.W. Ross},
	booktitle = {Proceedings of IEEE Infocom},
	year = {2007},
	biburl = {http://www.bibsonomy.org/bibtex/2c30dc8717505ad5856a3c037efa63611/camrdale},
	keywords = {P2P imported-10-07-2007 }
}

@inproceedings{stutzbach2006ucp,
	title = {{Understanding churn in peer-to-peer networks}},
	author = {D. Stutzbach and R. Rejaie},
	booktitle = {Proceedings of the 6th ACM SIGCOMM on Internet measurement},
	pages = {189--202},
	publisher = {ACM Press New York, NY, USA},
	year = {2006},
	biburl = {http://www.bibsonomy.org/bibtex/2142bfbdf39b5c71066c209c0e0a02660/camrdale},
	keywords = {P2P imported-10-07-2007 }
}

@inproceedings{stutzbach2006usu,
	title = {{On unbiased sampling for unstructured peer-to-peer networks}},
	author = {D. Stutzbach and R. Rejaie and N. Duffield and S. Sen and W. Willinger},
	booktitle = {Proceedings of the 6th ACM SIGCOMM on Internet measurement},
	pages = {27--40},
	publisher = {ACM Press New York, NY, USA},
	year = {2006},
	biburl = {http://www.bibsonomy.org/bibtex/27f6cb9a95586ddf2d1d2f458b266458f/camrdale},
	keywords = {P2P imported-10-07-2007 }
}

@inproceedings{laoutaris:isn,
	title = {{Implications of Selfish Neighbor Selection in Overlay Networks}},
	author = {N. Laoutaris and G. Smaragdakis and A. Bestavros and J.W. Byers},
	booktitle = {Proceedings of IEEE Infocom},
	year = {2007},
	biburl = {http://www.bibsonomy.org/bibtex/27e679f56f9a1c823f7475c88e75dbecf/camrdale},
	keywords = {P2P imported-10-07-2007 }
}

@inproceedings{pucha2006irn,
	title = {{On the impact of research network based testbeds on wide-area experiments}},
	author = {H. Pucha and Y.C. Hu and Z.M. Mao},
	booktitle = {Proceedings of the 6th ACM SIGCOMM on Internet measurement},
	pages = {133--146},
	publisher = {ACM Press New York, NY, USA},
	year = {2006},
	biburl = {http://www.bibsonomy.org/bibtex/277a4194210cf344e2d8c5f4a28b2d856/camrdale},
	keywords = {imported-10-07-2007 planetlab }
}

@techreport{cameron07,
	title = {{Modelling piece population in BitTorrent}},
	author = {Cameron Dale and Jiangchuan Liu},
	booktitle = {Technical Report},
	institution = {Simon Fraser University},
	publisher = {Simon Fraser University},
	year = {2007},
	biburl = {http://www.bibsonomy.org/bibtex/25fe26f3afdfa7f1d0f92104cf8dbf9ef/camrdale},
	keywords = {bittorrent imported-10-07-2007 }
}

@techreport{techBTNetworks,
	title = {{On the Evolution of BitTorrent Network Topologies: An Experimental Study}},
	author = {Cameron Dale and Jiangchuan Liu and Joseph Peters and Bo Li},
	booktitle = {Technical Report},
	institution = {Simon Fraser University},
	publisher = {Simon Fraser University},
	year = {2007},
	month = {November},
}

@inproceedings{guo2006dii,
	title = {{Delving into internet streaming media delivery: a quality and resource utilization perspective}},
	author = {L. Guo and E. Tan and S. Chen and Z. Xiao and O. Spatscheck and X. Zhang},
	booktitle = {Proceedings of the 6th ACM SIGCOMM on Internet measurement},
	pages = {217--230},
	publisher = {ACM Press New York, NY, USA},
	year = {2006},
	biburl = {http://www.bibsonomy.org/bibtex/202feaf336821bc1aff34724c020acb24/camrdale},
	keywords = {imported-10-07-2007 youtube }
}

@inproceedings{madhyastha2006iip,
	title = {{iPlane: An Information Plane for Distributed Services}},
	author = {H.V. Madhyastha and T. Isdal and M. Piatek and C. Dixon and T. Anderson and A. Krishnamurthy and A. Venkataramani},
	journal = {Proc. OSDI},
	year = {2006},
	biburl = {http://www.bibsonomy.org/bibtex/2adf31a00016e5d2b4ab3869885e7508a/camrdale},
	keywords = {imported-10-07-2007 planetlab }
}

@article{wang2007iptps,
	title = {{On the Role of Helpers in Peer-to-Peer File Download Systems: Design, Analysis and Simulation}},
	author = {Jiajun Wang and Chuohao Yeo and Vinod Prabhakaran and Kannan Ramchandran},
	journal = {IPTPS’07},
	publisher = {Springer},
	year = {2007},
	biburl = {http://www.bibsonomy.org/bibtex/27959fb6891cc2011898af1cf01a2786d/camrdale},
	keywords = {P2P imported-10-07-2007 }
}

@article{huang2007iptps,
	title = {{Peer-Assisted VoD: Making Internet Video Distribution Cheap}},
	author = {Jin Li (Microsoft Research); Keith W. Ross Cheng Huang},
	journal = {IPTPS’07},
	publisher = {Springer},
	year = {2007},
	biburl = {http://www.bibsonomy.org/bibtex/208234933f69a5b8a8f5ba2de6d34249b/camrdale},
	keywords = {P2P imported-10-07-2007 youtube }
}

@inproceedings{stoica2001csp,
	title = {{Chord: A scalable peer-to-peer lookup service for internet applications}},
	author = {Ion Stoica and Robert Morris and David Karger and M. Frans Kaashoek and Hari Balakrishnan},
	journal = {Proc. {SIGCOMM} '01},
	number = {4},
	pages = {149--160},
	publisher = {ACM Press New York, NY, USA},
	volume = {31},
	year = {2001},
	biburl = {http://www.bibsonomy.org/bibtex/22d3594d751526a3a13c86c742fbb860c/camrdale},
	keywords = {DHT imported-10-07-2007 }
}

@article{gribble2001cdp,
	title = {{What can databases do for peer-to-peer}},
	author = {S. Gribble and A. Halevy and Z. Ives and M. Rodrig and D. Suciu},
	journal = {WebDB Workshop on Databases and the Web},
	publisher = {June},
	year = {2001},
	biburl = {http://www.bibsonomy.org/bibtex/2a59a77060fd4b9a2a14a8b09a4d3abf9/camrdale},
	keywords = {DHT imported-10-07-2007 }
}

@inproceedings{gupta30kbe,
	title = {Kelips: Building an Efficient and Stable {P2P} {DHT} Through Increased Memory and Background Overhead},
	author = {Indranil Gupta and Ken Birman and Prakash Linga and Al Demers and Robbert van Renesse},
	booktitle = {Proceedings of the 2nd International Workshop on Peer-to-Peer Systems (IPTPS '03)},
	year = {2003},
	biburl = {http://www.bibsonomy.org/bibtex/2622a22fa2c551a0a21aee48464555d3b/camrdale},
	keywords = {DHT imported-10-07-2007 }
}

@article{sahin2004ppf,
	title = {{A peer-to-peer framework for caching range queries}},
	author = {OD Sahin and A. Gupta and D. Agrawal and A. El Abbadi},
	journal = {Proceedings 20th International Conference on Data Engineering},
	pages = {165--176},
	year = {2004},
	biburl = {http://www.bibsonomy.org/bibtex/2a0076aa2dc26e1bb25fb82932e1a008e/camrdale},
	keywords = {DHT imported-10-07-2007 }
}

@article{lynch2002ada,
	title = {{Atomic data access in distributed hash tables}},
	author = {N. Lynch and D. Malkhi and D. Ratajczak},
	journal = {Proceedings of the International Peer-to-Peer Symposium, March},
	publisher = {Springer},
	year = {2002},
	biburl = {http://www.bibsonomy.org/bibtex/227a04f7f6ba1244906cb84470802109b/camrdale},
	keywords = {DHT imported-10-07-2007 }
}

@article{rowstron2001psd,
	title = {{Pastry: Scalable, distributed object location and routing for large-scale peer-to-peer systems}},
	author = {A. Rowstron and P. Druschel},
	journal = {IFIP/ACM International Conference on Distributed Systems Platforms (Middleware)},
	pages = {329--350},
	volume = {11},
	year = {2001},
	biburl = {http://www.bibsonomy.org/bibtex/269bd8112bfdd85974602e314bd266031/camrdale},
	keywords = {DHT imported-10-07-2007 }
}

@article{ratsanamy2001sca,
	title = {{A Scalable Content-Addressable Network}},
	author = {S. Ratsanamy and P. Francis and M. Handley and R. Karp},
	journal = {ACM SIGCOMM Conference},
	pages = {161--172},
	year = {2001},
	biburl = {http://www.bibsonomy.org/bibtex/23ff377ce66ec83250a5263bb527f4874/camrdale},
	keywords = {DHT imported-10-07-2007 }
}

@article{liu2004mam,
	title = {{Measurement and Modeling of Large-Scale Peer-to-Peer Storage System}},
	author = {G. Liu and M. Hu and B. Fang and H. Zhang},
	journal = {Lecture Notes in Computer Science},
	pages = {270--277},
	publisher = {Springer},
	year = {2004},
	biburl = {http://www.bibsonomy.org/bibtex/2bf3bac7ad83fc3b79f976e540e3c79ac/camrdale},
	keywords = {P2P imported-10-07-2007 }
}

@inproceedings{kleinberg:swp,
	title = {The small-world phenomenon: an algorithm perspective},
	address = {New York, NY, USA},
	author = {Jon Kleinberg},
	booktitle = {Proceedings of the thirty-second annual ACM symposium on Theory of computing},
	pages = {163--170},
	publisher = {ACM Press},
	year = {2000},
	biburl = {http://www.bibsonomy.org/bibtex/22f3cea27493702d2ccca7a20b99af190/camrdale},
	location = {Portland, Oregon, United States},
	keywords = {imported-10-07-2007 small-world }
}

@article{watts1998cds,
	title = {{Collective dynamics of `small-world' networks}},
	author = {DJ Watts and SH Strogatz},
	journal = {Nature},
	number = {6684},
	pages = {409--10},
	volume = {393},
	year = {1998},
	biburl = {http://www.bibsonomy.org/bibtex/2fec6392d7a30bb814901f03e2aad45e6/camrdale},
	keywords = {imported-10-07-2007 small-world }
}

@book{watts1999swd,
	title = {{Small Worlds: the dynamics of networks between order and randomness}},
	author = {D.J. Watts},
	publisher = {Princeton Univ Pr},
	year = {1999},
	biburl = {http://www.bibsonomy.org/bibtex/2b1db41da6e7188611066de8b13fd0524/camrdale},
	keywords = {imported-10-07-2007 small-world }
}

@article{aberer2005epr,
	title = {{The essence of P2P: a reference architecture for overlay networks}},
	author = {K. Aberer and LO Alima and A. Ghodsi and S. Girdzijauskas and S. Haridi and M. Hauswirth},
	journal = {Fifth IEEE International Conference on Peer-to-Peer Computing},
	pages = {11--20},
	year = {2005},
	biburl = {http://www.bibsonomy.org/bibtex/2e4b71f991aa281adee95c414aee6612e/camrdale},
	keywords = {P2P imported-10-07-2007 }
}

@article{PhysRevLett.87.198701,
	title = {Efficient Behavior of Small-World Networks},
	author = {Vito Latora and Massimo Marchiori},
	journal = {Phys. Rev. Lett.},
	month = {Oct},
	number = {19},
	pages = {198701},
	publisher = {American Physical Society},
	volume = {87},
	year = {2001},
	biburl = {http://www.bibsonomy.org/bibtex/2bb773be4359a10968b559da5d533d5d4/camrdale},
	numpages = {4},
	keywords = {imported-10-07-2007 small-world }
}

@article{comellas2000dsw,
	title = {{Deterministic small-world communication networks}},
	author = {F. Comellas and J. Ozon and J.G. Peters},
	journal = {Information Processing Letters},
	number = {1-2},
	pages = {83--90},
	volume = {76},
	year = {2000},
	biburl = {http://www.bibsonomy.org/bibtex/21ff4c8efd4bcd232da3055e3a2c7765b/camrdale},
	keywords = {imported-10-07-2007 small-world }
}

@article{comellas1997bsw,
	title = {{Broadcasting in Small-World Communication Networks}},
	author = {F. Comellas and M. Mitjana and J.G. Peters},
	journal = {TIC},
	pages = {0963},
	year = {1997},
	biburl = {http://www.bibsonomy.org/bibtex/2b04e81b7c85694cefc33df05fb9ea139/camrdale},
	keywords = {imported-10-07-2007 small-world }
}

@techreport{comellas9esw,
	title = {{Epidemics in Small-World Communication Networks}},
	author = {F. Comellas and M. Mitjana and J.G. Peters},
	institution = {Simon Fraser University},
	month = {October},
	number = {SFU-CMPT-TR-2002},
	year = {2002},
	biburl = {http://www.bibsonomy.org/bibtex/2842963e83f1f5a5b20b8b0edb41ec157/camrdale},
	keywords = {imported-10-07-2007 small-world }
}

@article{hui2004swo,
	title = {{Small world overlay P2P networks}},
	author = {KYK Hui and JCS Lui and DKY Yau},
	journal = {Proc. Twelfth IEEE International Workshop on Quality of Service},
	pages = {201--210},
	year = {2004},
	biburl = {http://www.bibsonomy.org/bibtex/2d39a727725948867b46dea540eb5ab8e/camrdale},
	keywords = {P2P imported-10-07-2007 small-world }
}

@article{milgram1967swp,
	title = {{The small world problem}},
	author = {S. Milgram},
	journal = {Psychology Today},
	number = {1},
	pages = {60--67},
	volume = {2},
	year = {1967},
	biburl = {http://www.bibsonomy.org/bibtex/259b7f7ec3830ad1992daa1775fa8446f/camrdale},
	keywords = {imported-10-07-2007 small-world youtube }
}

@article{zhang2004usw,
	title = {{Using the small-world model to improve Freenet performance}},
	author = {H. Zhang and A. Goel and R. Govindan},
	journal = {Computer Networks},
	number = {4},
	pages = {555--574},
	publisher = {Elsevier},
	volume = {46},
	year = {2004},
	biburl = {http://www.bibsonomy.org/bibtex/22bdcfe61c330a0eb493c32fa0a43d5cc/camrdale},
	keywords = {imported-10-07-2007 small-world }
}

@incollection{hong2001perf,
	title = {{Performance}},
	address = {Sebastopol, CA, USA},
	author = {T. Hong},
	booktitle = {Peer-to-Peer: Harnessing the Power of Disruptive Technologies},
	chapter = {14},
	editor = {Andy Oram},
	pages = {203--241},
	publisher = {O'Reilly \& Associates, Inc.},
	year = {2001},
	biburl = {http://www.bibsonomy.org/bibtex/21af2b11961f0d0028a37a99deedf239f/camrdale},
	keywords = {P2P imported-10-07-2007 small-world }
}

@article{2000Natur.406..378A,
	title = {{Error and attack tolerance of complex networks}},
	author = {R. {Albert} and H. {Jeong} and A.-L. {Barab{\'a}si}},
	journal = {Nature},
	month = {July},
	pages = {378--382},
	volume = {406},
	year = {2000},
	biburl = {http://www.bibsonomy.org/bibtex/26768497104e6e77bd1bfdf9e07af9f50/camrdale},
	keywords = {imported-10-07-2007 scale-free }
}

@article{barab1999esrn,
	title = {{Emergence of Scaling in Random Networks}},
	author = {Albert-L{\'a}szl{\'o} Barab{\'a}si and R{\'e}ka Albert},
	journal = {Science},
	number = {5439},
	pages = {509--512},
	volume = {286},
	year = {1999},
	biburl = {http://www.bibsonomy.org/bibtex/2cd72a4b9b18025fd856f94e830530e50/camrdale},
	keywords = {imported-10-07-2007 scale-free }
}

@phdthesis{wouhaybi2006arp,
	title = {{Algorithms for Reliable Peer-to-Peer Networks}},
	author = {R.H. Wouhaybi},
	school = {Columbia University},
	year = {2006},
	biburl = {http://www.bibsonomy.org/bibtex/2f90680216530911dc1abb09dad6ad724/camrdale},
	keywords = {P2P imported-10-07-2007 scale-free }
}

@article{willmott2005eat,
	title = {{On Exploiting Agent Technology in the design of Peer-to-Peer Applications}},
	author = {S. Willmott and J.M. Pujol and U. Cortes},
	journal = {Lecture Notes in Computer Science},
	pages = {98},
	publisher = {SPRINGER-VERLAG},
	volume = {3601},
	year = {2005},
	biburl = {http://www.bibsonomy.org/bibtex/2f76df6dad12516d28a0f35fe73c17cd9/camrdale},
	keywords = {P2P imported-10-07-2007 scale-free }
}

@article{barabasi2003sfn,
	title = {{Scale-Free Networks}},
	author = {A.L. Barab{\'a}si and E. Bonabeau},
	journal = {Scientific American Magazine},
	number = {5},
	pages = {60--69},
	publisher = {Scientific American},
	volume = {288},
	year = {2003},
	biburl = {http://www.bibsonomy.org/bibtex/2a7740674d440e139085f1467cd508c34/camrdale},
	keywords = {imported-10-07-2007 scale-free }
}

@article{alderson2005tts,
	title = {{Towards a Theory of Scale-Free Graphs: Definition, Properties, and Implications}},
	author = {D. Alderson and J.C. Doyle and L. Li and W. Willinger},
	journal = {Internet Math},
	number = {4},
	pages = {431--523},
	volume = {2},
	year = {2005},
	biburl = {http://www.bibsonomy.org/bibtex/2cae56a134407ebe8f1186073851d1503/camrdale},
	keywords = {imported-10-07-2007 scale-free }
}

@article{albert1999dww,
	title = {{The Diameter of the World Wide Web}},
	author = {R. Albert and H. Jeong and A.L. Barabasi},
	journal = {Nature},
	pages = {130--131},
	volume = {401},
	year = {1999},
	biburl = {http://www.bibsonomy.org/bibtex/200d3eb8e6f3c362b62de9e3384b36ae7/camrdale},
	keywords = {imported-10-07-2007 small-world youtube }
}

@article{ravasz2003hoc,
	title = {Hierarchical Organization in Complex Networks},
	author = {Erzs\'ebet Ravasz and Albert-L\'aszl\'o Barab\'asi},
	journal = {Physical Review E},
	month = {Feb},
	number = {2},
	pages = {026112},
	volume = {67},
	year = {2003},
	biburl = {http://www.bibsonomy.org/bibtex/25802f8c1be1526dc7b316b680a2a9ffa/camrdale},
	numpages = {7},
	keywords = {imported-10-07-2007 small-world youtube }
}

@inproceedings{huang07peervod,
	title = {{Can Internet Video-on-Demand be Profitable?}},
	author = {Cheng Huang and Jin Li and Keith W. Ross},
	booktitle = {SIGCOMM'07},
	year = {2007},
	biburl = {http://www.bibsonomy.org/bibtex/23ef9b4f58783daa5430f9752405fe3c4/camrdale},
	keywords = {imported-10-07-2007 youtube }
}

@manual{corbett06peering,
	title = {{Peering of Video}},
	author = {Colin Corbett},
	booktitle = {NANOG 37},
	year = {2006},
	biburl = {http://www.bibsonomy.org/bibtex/269fedfe1c0713c132194014e626d069c/camrdale},
	keywords = {imported-10-07-2007 youtube }
}

@article{liu2004pcm,
	title = {{Proxy Caching for Media Streaming over the Internet}},
	author = {J. Liu and J. Xu},
	journal = {IEEE Communications Magazine},
	number = {8},
	pages = {88--94},
	volume = {42},
	year = {2004},
	biburl = {http://www.bibsonomy.org/bibtex/2c271a6efc40459b4685ce839e677a9fc/camrdale},
	keywords = {imported-10-07-2007 youtube }
}

@inproceedings{breslau99web,
	title = {{Web Caching and Zipf-like Distributions: Evidence and Implications}},
	author = {Lee Breslau and Pei Cao and Li Fan and Graham Phillips and Scott Shenker},
	booktitle = {INFOCOM},
	year = {1999},
	biburl = {http://www.bibsonomy.org/bibtex/21cceb4bf9c0cb0b9cf6f9f495b95b039/camrdale},
	keywords = {imported-10-07-2007 youtube }
}

@inproceedings{sen99proxy,
	title = {{Proxy Prefix Caching for Multimedia Streams}},
	author = {Subhabrata Sen and Jennifer Rexford and Donald F. Towsley},
	booktitle = {INFOCOM},
	year = {1999},
	biburl = {http://www.bibsonomy.org/bibtex/2c741a426763c735e27bcd3557aa8904c/camrdale},
	keywords = {imported-10-07-2007 youtube }
}

@inproceedings{veloso02hierarchical,
	title = {{A Hierarchical Characterization of a Live Streaming Media Workload}},
	author = {Eveline Veloso and Virgilio Almeida and Wagner Meira and Azer Bestavros and Shudong Jin},
	booktitle = {Proc. SIGCOMM},
	year = {2002},
	biburl = {http://www.bibsonomy.org/bibtex/266180a55997e2676698f081bed0d9173/camrdale},
	keywords = {imported-10-07-2007 youtube }
}

@inproceedings{cherkasova02characterizing,
	title = {{Characterizing Locality, Evolution, and Life Span of Accesses in Enterprise Media Server Workloads}},
	author = {Ludmial Cherkasova and Minaxi Gupta},
	booktitle = {Proc. NOSSDAV},
	year = {2002},
	biburl = {http://www.bibsonomy.org/bibtex/26f19fc3b9e2db87cf5f0c6eb9e57d436/camrdale},
	keywords = {imported-10-07-2007 youtube }
}

@inproceedings{chesire01measurement,
	title = {{Measurement and Analysis of a Streaming-Media Workload}},
	author = {Maureen Chesire and Alec Wolman and Geoffrey M. Voelker and Henry M. Levy},
	booktitle = {Proc. USITS},
	year = {2001},
	biburl = {http://www.bibsonomy.org/bibtex/26b58fa3a5454e04aee213c907e6a5575/camrdale},
	keywords = {imported-10-07-2007 youtube }
}

@inproceedings{yu06understanding,
	title = {{Understanding User Behavior in Large-Scale Video-on-Demand Systems}},
	author = {Hongliang Yu and Dongdong Zheng and Ben Y. Zhao and Weimin Zheng},
	booktitle = {EuroSys},
	year = {2006},
	biburl = {http://www.bibsonomy.org/bibtex/200189ba2e22b21e6656eec9add9919b2/camrdale},
	keywords = {imported-10-07-2007 youtube }
}

@inproceedings{acharya00characterizing,
	title = {{Characterizing User Access To Videos On The World Wide Web}},
	author = {Soam Acharya and Brian Smith and Peter Parnes},
	booktitle = {Proc. SPIE},
	year = {2000},
	biburl = {http://www.bibsonomy.org/bibtex/25eb8b7a68e8ed31585eac376b6d12141/camrdale},
	keywords = {imported-10-07-2007 youtube }
}

@inproceedings{almeida01edu,
	title = {{Analysis of Educational Media Server Workloads}},
	author = {Jussara M. Almeida and Jeffrey Krueger and Derek L. Eager and Mary K. Vernon},
	booktitle = {{Proc. NOSSDAV}},
	year = {2001},
	biburl = {http://www.bibsonomy.org/bibtex/24c7ac6011fef76f383503bcf44a4752e/camrdale},
	keywords = {imported-10-07-2007 youtube }
}

@techreport{tang03long,
	title = {{Long-term Streaming Media Server Workload Analysis and Modeling}},
	author = {Wenting Tang and Yun Fu and Ludmila Cherkasova and Amin Vahdat},
	institution = {HP Labs},
	year = {2003},
	biburl = {http://www.bibsonomy.org/bibtex/2dbaca2d4710b6400019eedd014b20567/camrdale},
	keywords = {imported-10-07-2007 youtube }
}
